% This file was created with JabRef 2.10.
% Encoding: UTF8


@Article{Haghighat2003,
  Title                    = {{M}onte {C}arlo variance reduction with determenistic importance functions},
  Author                   = {Haghighat, Alireza and Wagner, John C.},
  Journal                  = {Progress in Nuclear Energy},
  Year                     = {2003},
  Number                   = {1},
  Pages                    = {25--53},
  Volume                   = {42},

  File                     = {:home/kbat/misc/papers/Haghighat2003.pdf:PDF},
  Keywords                 = {Monte Carlo; variance reduction; radiation transport; adjoint transport},
  Owner                    = {kbat},
  Timestamp                = {2017.08.16}
}

@Electronic{arXiv:1612.00793,
  Title                    = {{FW/CADIS-$\Omega$}: an angle-informed hybrid method for deep-penetration radiation transport},
  Author                   = {Munk, Madicken and Slaybaugh, R.N. and Pandya, Tara M. and Johnson, Seth R. and Evans, T. M.},
  HowPublished             = {arXiv:1612.00793},
  Month                    = {Dec},
  Year                     = {2016},

  File                     = {:home/kbat/misc/papers/1612.00793.pdf:PDF},
  Owner                    = {kbat},
  Timestamp                = {2017.08.15}
}

